@article{Xuan2015,
  author    = {Jifeng Xuan and He Jiang and Yan Hu and Zhilei Ren and Weiqin Zou and Zhongxuan Luo and Xindong Wu},
  title     = {Towards Effective Bug Triage with Software Data Reduction Techniques},
  journal   = {IEEE Transactions on Knowledge and Data Engineering},
  year      = {2015},
  volume    = {27},
  number    = {1},
  pages     = {264--280},
  doi       = {10.1109/TKDE.2014.2324590},
  keywords  = {Computer bugs; Software; Accuracy; Text categorization; Feature extraction; Prediction algorithms; Mining software repositories; application of data preprocessing; data management in bug repositories; bug data reduction; feature selection; instance selection; bug triage; prediction for reduction orders}
}

@article{Uddin2017,
  author    = {J. Uddin and R. Ghazali and M. M. Deris and Others},
  title     = {A Survey on Bug Prioritization},
  journal   = {Artificial Intelligence Review},
  year      = {2017},
  volume    = {47},
  pages     = {145--180},
  doi       = {10.1007/s10462-016-9478-6},
  url       = {https://doi.org/10.1007/s10462-016-9478-6}
}

@article{Nagwani2023,
  author    = {Naresh Kumar Nagwani and Jasjit S. Suri},
  title     = {An artificial intelligence framework on software bug triaging, technological evolution, and future challenges: A review},
  journal   = {International Journal of Information Management Data Insights},
  year      = {2023},
  volume    = {3},
  number    = {1},
  pages     = {100153},
  doi       = {10.1016/j.jjimei.2022.100153},
  url       = {https://www.sciencedirect.com/science/article/pii/S2667096822000969},
  keywords  = {Software bug triaging; Bug assignment; Expert developer; AI; Recommender systems; Tossing graphs; Performance and accuracy}
}

@article{Huang2024,
  author    = {Rongcun Wang and Xingyu Ji and Senlei Xu and Yuan Tian and Shujuan Jiang and Rubing Huang},
  title     = {An empirical assessment of different word embedding and deep learning models for bug assignment},
  journal   = {Journal of Systems and Software},
  year      = {2024},
  volume    = {210},
  pages     = {111961},
  doi       = {10.1016/j.jss.2024.111961},
  url       = {https://www.sciencedirect.com/science/article/pii/S0164121224000049},
  keywords  = {Bug assignment; Bug report; Word embedding; Deep learning; Classification}
}

@article{Liu2022,
  author    = {Yong Liu and Xuexin Qi and Jiali Zhang and Hui Li and Xin Ge and Jun Ai},
  title     = {Automatic Bug Triaging via Deep Reinforcement Learning},
  journal   = {Applied Sciences},
  year      = {2022},
  volume    = {12},
  number    = {7},
  article-number = {3565},
  doi       = {10.3390/app12073565},
  url       = {https://www.mdpi.com/2076-3417/12/7/3565}
}

@article{Umer2020,
  author    = {Qasim Umer and Hui Liu and Inam Illahi},
  title     = {CNN-Based Automatic Prioritization of Bug Reports},
  journal   = {IEEE Transactions on Reliability},
  year      = {2020},
  volume    = {69},
  number    = {4},
  pages     = {1341--1354},
  doi       = {10.1109/TR.2019.2959624},
  keywords  = {Computer bugs; Deep learning; Reliability; Feature extraction; Software engineering; Open source software; Convolutional neural networks; Bug reports; deep learning; prioritization; reliability}
}

@article{Lee2020,
  author    = {Dong-Gun Lee and Yeong-Seok Seo},
  title     = {Improving bug report triage performance using artificial intelligence based document generation model},
  journal   = {Human-centric Computing and Information Sciences},
  year      = {2020},
  volume    = {10},
  number    = {1},
  pages     = {26},
  doi       = {10.1186/s13673-020-00229-7},
  url       = {https://doi.org/10.1186/s13673-020-00229-7}
}

@online{Ariane5,
  author    = {{European Space Agency}},
  title     = {Ariane 501 - Presentation of Inquiry Board Report},
  year      = {1996},
  month     = {jul},
  day       = {23},
  url       = {https://www.esa.int/Newsroom/Press_Releases/Ariane_501_-_Presentation_of_Inquiry_Board_report},
  note      = {Accessed: 2024-11-24}
}

@online{Simonova2023,
  author    = {Margarita Simonova},
  title     = {Costly Code: The Price of Software Errors},
  year      = {2023},
  month     = {dec},
  day       = {26},
  url       = {https://www.forbes.com/councils/forbestechcouncil/2023/12/26/costly-code-the-price-of-software-errors/},
  note      = {Accessed: 2024-11-24}
}

@article{Boehm2011,
  author    = {B. Boehm and V. Basili},
  title     = {Software Defect Reduction},
  journal   = {IEEE Computer},
  year      = {2001},
  volume    = {34},
  number    = {1},
  pages     = {135--137},
  month     = {jan}
}

@inproceedings{Hooimeijer2007,
  author    = {Pieter Hooimeijer and Westley Weimer},
  title     = {Modeling Bug Report Quality},
  booktitle = {Proceedings of the 22nd IEEE/ACM International Conference on Automated Software Engineering (ASE 2007)},
  year      = {2007},
  month     = {nov},
  pages     = {34--43},
  doi       = {10.1145/1321631.1321639}
}

@inproceedings{Minelli2015,
  author    = {Roberto Minelli and Andrea Mocci and Michele Lanza},
  title     = {I Know What You Did Last Summer - An Investigation of How Developers Spend Their Time},
  booktitle = {2015 IEEE 23rd International Conference on Program Comprehension},
  year      = {2015},
  pages     = {25--35},
  doi       = {10.1109/ICPC.2015.12},
  keywords  = {Mice; Keyboards; Navigation; Browsers; Inspection; Software; History; interaction data; empirical study; program understanding; user interface}
}
